@inproceedings{papineni2002bleu,
  title={BLEU: a method for automatic evaluation of machine translation},
  author={Papineni, Kishore and Roukos, Salim and Ward, Todd and Zhu, Wei-Jing},
  booktitle={Proceedings of the 40th annual meeting on association for computational linguistics},
  pages={311--318},
  year={2002},
  organization={Association for Computational Linguistics}
}

@misc{kingsley1932selective,
  title={Selective studies and the principle of relative frequency in language},
  author={Kingsley, Zipf George},
  year={1932},
  publisher={Harvard University Press, Cambridge (Mass.)}
}

@inproceedings{kneser1995improved,
  title={Improved backing-off for m-gram language modeling},
  author={Kneser, Reinhard and Ney, Hermann},
  booktitle={Acoustics, Speech, and Signal Processing, 1995. ICASSP-95., 1995 International Conference on},
  volume={1},
  pages={181--184},
  year={1995},
  organization={IEEE}
}

@article{kim2014sentence,
  title={Convolutional neural networks for sentence classification},
  author={Kim, Yoon},
  journal={arXiv preprint arXiv:1408.5882},
  year={2014}
}
@incollection{bengio2006neural,
  title={Neural probabilistic language models},
  author={Bengio, Yoshua and Schwenk, Holger and Sen{\'e}cal, Jean-S{\'e}bastien and Morin, Fr{\'e}deric and Gauvain, Jean-Luc},
  booktitle={Innovations in Machine Learning},
  pages={137--186},
  year={2006},
  publisher={Springer}
}

@article{zhang2015text,
  author    = {Xiang Zhang and
               Yann LeCun},
  title     = {Text Understanding from Scratch},
  journal   = {CoRR},
  volume    = {abs/1502.01710},
  year      = {2015},
  url       = {http://arxiv.org/abs/1502.01710},
  timestamp = {Mon, 02 Mar 2015 14:17:34 +0100},
  biburl    = {http://dblp.uni-trier.de/rec/bib/journals/corr/ZhangL15},
  bibsource = {dblp computer science bibliography, http://dblp.org}
}

@article{DBLP:journals/corr/ZhangZL15,
  author    = {Xiang Zhang and
               Junbo Zhao and
               Yann LeCun},
  title     = {Character-level Convolutional Networks for Text Classification},
  journal   = {CoRR},
  volume    = {abs/1509.01626},
  year      = {2015},
  url       = {http://arxiv.org/abs/1509.01626},
  timestamp = {Thu, 01 Oct 2015 14:28:48 +0200},
  biburl    = {http://dblp.uni-trier.de/rec/bib/journals/corr/ZhangZL15},
  bibsource = {dblp computer science bibliography, http://dblp.org}
}


@inproceedings{Kalchbrenner2014conv,
  author    = {Nal Kalchbrenner and
               Edward Grefenstette and
               Phil Blunsom},
  title     = {A Convolutional Neural Network for Modelling Sentences},
  booktitle = {Proceedings of the 52nd Annual Meeting of the Association for Computational
               Linguistics, {ACL} 2014, June 22-27, 2014, Baltimore, MD, USA, Volume
               1: Long Papers},
  pages     = {655--665},
  year      = {2014},
  url       = {http://aclweb.org/anthology/P/P14/P14-1062.pdf},
  timestamp = {Mon, 28 Jul 2014 19:09:09 +0200},
  biburl    = {http://dblp.uni-trier.de/rec/bib/conf/acl/KalchbrennerGB14},
  bibsource = {dblp computer science bibliography, http://dblp.org}
}

@inproceedings{mikolov2013distributed,
  title={Distributed representations of words and phrases and their compositionality},
  author={Mikolov, Tom{\'a}{\v{s}} and Sutskever, Ilya and Chen, Kai and Corrado, Greg S and Dean, Jeff},
  booktitle={Advances in neural information processing systems},
  pages={3111--3119},
  year={2013}
}

@article{collobert2011natural,
  title={Natural language processing (almost) from scratch},
  author={Collobert, Ronan and Weston, Jason and Bottou, L{\'e}on and Karlen, Michael and Kavukcuoglu, Koray and Kuksa, Pavel},
  journal={The Journal of Machine Learning Research},
  volume={12},
  pages={2493--2537},
  year={2011},
  publisher={JMLR. org}
}

@article{hinton2012dropout,
  author    = {Geoffrey E. Hinton and
               Nitish Srivastava and
               Alex Krizhevsky and
               Ilya Sutskever and
               Ruslan Salakhutdinov},
  title     = {Improving neural networks by preventing co-adaptation of feature detectors},
  journal   = {CoRR},
  volume    = {abs/1207.0580},
  year      = {2012},
  url       = {http://arxiv.org/abs/1207.0580},
  timestamp = {Wed, 10 Oct 2012 21:28:53 +0200},
  biburl    = {http://dblp.uni-trier.de/rec/bib/journals/corr/abs-1207-0580},
  bibsource = {dblp computer science bibliography, http://dblp.org}
}

@article{srivastava2015highway,
  author    = {Rupesh Kumar Srivastava and
               Klaus Greff and
               J{\"{u}}rgen Schmidhuber},
  title     = {Highway Networks},
  journal   = {CoRR},
  volume    = {abs/1505.00387},
  year      = {2015},
  url       = {http://arxiv.org/abs/1505.00387},
  timestamp = {Mon, 01 Jun 2015 14:13:54 +0200},
  biburl    = {http://dblp.uni-trier.de/rec/bib/journals/corr/SrivastavaGS15},
  bibsource = {dblp computer science bibliography, http://dblp.org}
}

@inproceedings{mikolov2010recurrent,
  title={Recurrent neural network based language model.},
  author={Mikolov, Tomas and Karafi{\'a}t, Martin and Burget, Lukas and Cernock{\`y}, Jan and Khudanpur, Sanjeev},
  booktitle={INTERSPEECH},
  volume={2},
  pages={3},
  year={2010}
}

@inproceedings{mikolov2011extensions,
  title={Extensions of recurrent neural network language model},
  author={Mikolov, Tom{\'a}{\v{s}} and Kombrink, Stefan and Burget, Luk{\'a}{\v{s}} and {\v{C}}ernock{\`y}, Jan Honza and Khudanpur, Sanjeev},
  booktitle={Acoustics, Speech and Signal Processing (ICASSP), 2011 IEEE International Conference on},
  pages={5528--5531},
  year={2011},
  organization={IEEE}
}

@inproceedings{sukhbaatar2015end,
  title={End-to-end memory networks},
  author={Sukhbaatar, Sainbayar and Weston, Jason and Fergus, Rob and others},
  booktitle={Advances in Neural Information Processing Systems},
  pages={2431--2439},
  year={2015}
}

@article{zaremba2014recurrent,
  title={Recurrent neural network regularization},
  author={Zaremba, Wojciech and Sutskever, Ilya and Vinyals, Oriol},
  journal={arXiv preprint arXiv:1409.2329},
  year={2014}
}

@inproceedings{dos2014deep,
  title={Deep Convolutional Neural Networks for Sentiment Analysis of Short Texts.},
  author={dos Santos, C{\'\i}cero Nogueira and Gatti, Maira},
  booktitle={COLING},
  pages={69--78},
  year={2014}
}

@inproceedings{johnson2015semi,
  title={Semi-supervised Convolutional Neural Networks for Text Categorization via Region Embedding},
  author={Johnson, Rie and Zhang, Tong},
  booktitle={Advances in Neural Information Processing Systems},
  pages={919--927},
  year={2015}
}

@article{johnson2014effective,
  title={Effective use of word order for text categorization with convolutional neural networks},
  author={Johnson, Rie and Zhang, Tong},
  journal={arXiv preprint arXiv:1412.1058},
  year={2014}
}


@inproceedings{nguyen2015relation,
  title={Relation extraction: Perspective from convolutional neural networks},
  author={Nguyen, Thien Huu and Grishman, Ralph},
  booktitle={Proceedings of NAACL-HLT},
  pages={39--48},
  year={2015}
}

@article{DBLP:journals/corr/IoffeS15,
  title={Batch normalization: Accelerating deep network training by reducing internal covariate shift},
  author={Ioffe, Sergey and Szegedy, Christian},
  journal={arXiv preprint arXiv:1502.03167},
  year={2015}
}

@inproceedings{devlin2014fast,
  title={Fast and Robust Neural Network Joint Models for Statistical Machine Translation.},
  author={Devlin, Jacob and Zbib, Rabih and Huang, Zhongqiang and Lamar, Thomas and Schwartz, Richard M and Makhoul, John},
  booktitle={ACL (1)},
  pages={1370--1380},
  year={2014},
  organization={Citeseer}
}

@inproceedings{le2011structured,
  title={Structured output layer neural network language model},
  author={Hai Son, Le and Oparin, Ilya and Allauzen, Alexandre and Gauvain, Jean-Luc and Yvon, Fran{\c{c}}ois},
  booktitle={Acoustics, Speech and Signal Processing (ICASSP), 2011 IEEE International Conference on},
  pages={5524--5527},
  year={2011},
  organization={IEEE}
}

@inproceedings{wang2015semantic,
  title={Semantic Clustering and Convolutional Neural Network for Short Text Categorization},
  author={Wang, Peng and Xu, Jiaming and Xu, Bo and Liu, Cheng-Lin and Zhang, Heng and Wang, Fangyuan and Hao, Hongwei},
  booktitle={Proceedings of the 53rd Annual Meeting of the Association for Computational Linguistics and the 7th International Joint Conference on Natural Language Processing},
  volume={2},
  pages={352--357},
  year={2015}
}

@inproceedings{arisoy2012deep,
  title={Deep neural network language models},
  author={Arisoy, Ebru and Sainath, Tara N and Kingsbury, Brian and Ramabhadran, Bhuvana},
  booktitle={Proceedings of the NAACL-HLT 2012 Workshop: Will We Ever Really Replace the N-gram Model? On the Future of Language Modeling for HLT},
  pages={20--28},
  year={2012},
  organization={Association for Computational Linguistics}
}

@article{schwenk2007continuous,
  title={Continuous space language models},
  author={Schwenk, Holger},
  journal={Computer Speech \& Language},
  volume={21},
  number={3},
  pages={492--518},
  year={2007},
  publisher={Elsevier}
}


@article{hochreiter1997long,
  title={Long short-term memory},
  author={Hochreiter, Sepp and Schmidhuber, J{\"u}rgen},
  journal={Neural computation},
  volume={9},
  number={8},
  pages={1735--1780},
  year={1997},
  publisher={MIT Press}
}

@article{lecun1995convolutional,
  title={Convolutional networks for images, speech, and time series},
  author={LeCun, Yann and Bengio, Yoshua},
  journal={The handbook of brain theory and neural networks},
  volume={3361},
  number={10},
  pages={1995},
  year={1995}
}

@article{karen2014vgg,
  title={Very deep convolutional networks for large-scale image recognition},
  author={Simonyan, Karen and Zisserman, Andrew},
  journal={arXiv preprint arXiv:1409.1556},
  year={2014}
}


@article{kaiming2015resnet,
  title={Deep Residual Learning for Image Recognition},
  author={He, Kaiming and Zhang, Xiangyu and Ren, Shaoqing and Sun, Jian},
  journal={arXiv preprint arXiv:1512.03385},
  year={2015}
}

@article{waibel1989phoneme,
  title={Phoneme recognition using time-delay neural networks},
  author={Waibel, Alexander and Hanazawa, Toshiyuki and Hinton, Geoffrey and Shikano, Kiyohiro and Lang, Kevin J},
  journal={Acoustics, Speech and Signal Processing, IEEE Transactions on},
  volume={37},
  number={3},
  pages={328--339},
  year={1989},
  publisher={IEEE}
}


@article{yoon2015character,
  author    = {Yoon Kim and
               Yacine Jernite and
               David Sontag and
               Alexander M. Rush},
  title     = {Character-Aware Neural Language Models},
  journal   = {CoRR},
  year      = {2015},
  url       = {http://arxiv.org/abs/1508.06615},
  timestamp = {Tue, 01 Sep 2015 14:42:40 +0200},
  biburl    = {http://dblp.uni-trier.de/rec/bib/journals/corr/KimJSR15},
  bibsource = {dblp computer science bibliography, http://dblp.org}
}

@inproceedings{hu2014convolutional,
  title={Convolutional neural network architectures for matching natural language sentences},
  author={Hu, Baotian and Lu, Zhengdong and Li, Hang and Chen, Qingcai},
  booktitle={Advances in Neural Information Processing Systems},
  pages={2042--2050},
  year={2014}
}

@inproceedings{shen2014latent,
  title={A latent semantic model with convolutional-pooling structure for information retrieval},
  author={Shen, Yelong and He, Xiaodong and Gao, Jianfeng and Deng, Li and Mesnil, Gr{\'e}goire},
  booktitle={Proceedings of the 23rd ACM International Conference on Conference on Information and Knowledge Management},
  pages={101--110},
  year={2014},
  organization={ACM}
}

@article{weston2014tagspace,
  title={\# TagSpace: Semantic embeddings from hashtags},
  author={Weston, Jason and Chopra, Sumit and Adams, Keith},	
  year={2014},
  publisher={Citeseer}
}

@article{wang2015gen,
  title={$ gen $ CNN: A Convolutional Architecture for Word Sequence Prediction},
  author={Wang, Mingxuan and Lu, Zhengdong and Li, Hang and Jiang, Wenbin and Liu, Qun},
  journal={arXiv preprint arXiv:1503.05034},
  year={2015}
}

@inproceedings{hai2012measuring,
  title={Measuring the influence of long range dependencies with neural network language models},
  author={Hai Son, Le and Allauzen, Alexandre and Yvon, Fran{\c{c}}ois},
  booktitle={Proceedings of the NAACL-HLT 2012 Workshop: Will We Ever Really Replace the N-gram Model? On the Future of Language Modeling for HLT},
  pages={1--10},
  year={2012},
  organization={Association for Computational Linguistics}
}

@article{lin2013network,
  title={Network in network},
  author={Lin, Min and Chen, Qiang and Yan, Shuicheng},
  journal={arXiv preprint arXiv:1312.4400},
  year={2013}
}

@inproceedings{devlin2015pre,
  title={Pre-Computable Multi-Layer Neural Network Language Models},
  author={Devlin, Jacob and Quirk, Chris and Menezes, Arul},
  year={2015},
  booktitle={Proceedings of the 2015 Conference on Empirical Methods in Natural Language Processing},
  pages={256--260}
}

@INPROCEEDINGS{Rosenfeld:2000,
	author = {Ronald Rosenfeld},
	title = {Two decades of statistical language modeling: Where do we go from here},
	booktitle = {Proceedings of the IEEE},
	year = {2000},
	pages = {2000}
}

@article{mikolov2014learning,
  title={Learning longer memory in recurrent neural networks},
  author={Mikolov, Tomas and Joulin, Armand and Chopra, Sumit and Mathieu, Michael and Ranzato, Marc'Aurelio},
  journal={arXiv preprint arXiv:1412.7753},
  year={2014}
}

@InProceedings{bojar-EtAl:2015:WMT,
  author    = {Bojar, Ond\v{r}ej  and  Chatterjee, Rajen  and  Federmann, Christian  and  Haddow, Barry  and  Huck, Matthias  and  Hokamp, Chris  and  Koehn, Philipp  and  Logacheva, Varvara  and  Monz, Christof  and  Negri, Matteo  and  Post, Matt  and  Scarton, Carolina  and  Specia, Lucia  and  Turchi, Marco},
  title     = {Findings of the 2015 Workshop on Statistical Machine Translation},
  booktitle = {Proceedings of the Tenth Workshop on Statistical Machine Translation},
  month     = {September},
  year      = {2015},
  address   = {Lisbon, Portugal},
  publisher = {Association for Computational Linguistics},
  pages     = {1--46},
  url       = {http://aclweb.org/anthology/W15-3001}
}

@inproceedings{collobert2011torch7,
  title={Torch7: A matlab-like environment for machine learning},
  author={Collobert, Ronan and Kavukcuoglu, Koray and Farabet, Cl{\'e}ment},
  booktitle={BigLearn, NIPS Workshop},
  number={EPFL-CONF-192376},
  year={2011}
}

@article{zhang2015sensitivity,
  title={A Sensitivity Analysis of (and Practitioners' Guide to) Convolutional Neural Networks for Sentence Classification},
  author={Zhang, Ye and Wallace, Byron},
  journal={arXiv preprint arXiv:1510.03820},
  year={2015}
}

@inproceedings{krizhevsky2012imagenet,
  title={Imagenet classification with deep convolutional neural networks},
  author={Krizhevsky, Alex and Sutskever, Ilya and Hinton, Geoffrey E},
  booktitle={Advances in neural information processing systems},
  pages={1097--1105},
  year={2012}
}

@article{laurent2015batch,
  title={Batch Normalized Recurrent Neural Networks},
  author={Laurent, C{\'e}sar and Pereyra, Gabriel and Brakel, Phil{\'e}mon and Zhang, Ying and Bengio, Yoshua},
  journal={arXiv preprint arXiv:1510.01378},
  year={2015}
}


@inproceedings{koehn2007moses,
  title={Moses: Open source toolkit for statistical machine translation},
  author={Koehn, Philipp and Hoang, Hieu and Birch, Alexandra and Callison-Burch, Chris and Federico, Marcello and Bertoldi, Nicola and Cowan, Brooke and Shen, Wade and Moran, Christine and Zens, Richard and others},
  booktitle={Proceedings of the 45th annual meeting of the ACL on interactive poster and demonstration sessions},
  pages={177--180},
  year={2007},
  organization={Association for Computational Linguistics}
}

@article{he2015delving,
  author    = {Kaiming He and
               Xiangyu Zhang and
               Shaoqing Ren and
               Jian Sun},
  title     = {Delving Deep into Rectifiers: Surpassing Human-Level Performance on
               ImageNet Classification},
  journal   = {CoRR},
  volume    = {abs/1502.01852},
  year      = {2015},
  url       = {http://arxiv.org/abs/1502.01852},
  timestamp = {Mon, 02 Mar 2015 14:17:34 +0100},
  biburl    = {http://dblp.uni-trier.de/rec/bib/journals/corr/HeZR015},
  bibsource = {dblp computer science bibliography, http://dblp.org}
}

@inproceedings{szegedy2015going,
  title={Going deeper with convolutions},
  author={Szegedy, Christian and Liu, Wei and Jia, Yangqing and Sermanet, Pierre and Reed, Scott and Anguelov, Dragomir and Erhan, Dumitru and Vanhoucke, Vincent and Rabinovich, Andrew},
  booktitle={Proceedings of the IEEE Conference on Computer Vision and Pattern Recognition},
  pages={1--9},
  year={2015}
}


@article{Gu:etal:2015,
	author    = {Jiuxiang Gu and
	Zhenhua Wang and
	Jason Kuen and
	Lianyang Ma and
	Amir Shahroudy and
	Bing Shuai and
	Ting Liu and
	Xingxing Wang and
	Gang Wang},
	title     = {Recent Advances in Convolutional Neural Networks},
	journal   = {CoRR},
	volume    = {abs/1512.07108},
	year      = {2015},
}








%~ BIB from LMT
%%%%%%%%%%%%%%%%%%%%%%%%%%%%%%%%%%
%%% Neural Machine Translation %%%
%%%%%%%%%%%%%%%%%%%%%%%%%%%%%%%%%%
@inproceedings{luong16,
  author    = {Luong, Minh-Thang and Manning, Christopher D.},
  booktitle = {ACL},
  title     = {Achieving Open Vocabulary Neural Machine Translation with Hybrid Word-Character Models},
  year      = {2016},
}

@inproceedings{sennrich16mono,
  author       = {Rico Sennrich and Barry Haddow and Alexandra Birch},
  booktitle = {ACL},
  title        = {Improving neural machine translation models with monolingual data},
  year      = {2016},
}


@inproceedings{sennrich16sub,
  author       = {Rico Sennrich and Barry Haddow and Alexandra Birch},
  booktitle = {ACL},
  title        = {Neural Machine Translation of Rare Words with Subword Units},
  year      = {2016},
}

@inproceedings{luong16iclr,
  author    = {Minh-Thang Luong and Quoc V. Le and Ilya Sutskever and Oriol Vinyals and Lukasz Kaiser},
  booktitle = {ICLR},
  title     = {Multi-task sequence to sequence learning},
  year      = {2016},
}

@article{ling15char,
  author       = {Wang Ling and Isabel Trancoso and Chris Dyer and Alan Black},
  journaltitle = {arXiv preprint arXiv:1511.04586},
  title        = {Character-based Neural Machine Translation},
  year         = {2015},
}

@inproceedings{luong15iwslt,
  author    = {Luong, Minh-Thang and Manning, Christopher D.},
  booktitle = {IWSLT},
  title     = {Stanford Neural Machine Translation Systems for Spoken Language Domain},
  year      = {2015},
}

@inproceedings{jean15wmt,
  author    = {Jean, S\'{e}bastien and Firat, Orhan and Cho, Kyunghyun and Memisevic, Roland and Bengio, Yoshua},
  booktitle = {WMT},
  title     = {Montreal Neural Machine Translation Systems for {WMT}'15},
  year      = {2015},
}

@inproceedings{luong15attn,
  author    = {Luong, Minh-Thang and Pham, Hieu and Manning, Christopher D.},
  booktitle = {EMNLP},
  title     = {Effective Approaches to Attention-based Neural Machine Translation},
  year      = {2015},
}

@article{gulcehre2015using,
  author       = {Gulcehre, Caglar and Firat, Orhan and Xu, Kelvin and Cho, Kyunghyun and Barrault, Loic and Lin, Huei-Chi and Bougares, Fethi and Schwenk, Holger and Bengio, Yoshua},
  journaltitle = {arXiv preprint arXiv:1503.03535},
  title        = {On Using Monolingual Corpora in Neural Machine Translation},
  year         = {2015},
}

@inproceedings{luong15,
  author    = {Minh-Thang Luong and Ilya Sutskever and Quoc V. Le and Oriol Vinyals and Wojciech Zaremba},
  booktitle = {ACL},
  title     = {Addressing the Rare Word Problem in Neural Machine Translation},
  year      = {2015},
}

@inproceedings{jean15,
  author    = {S\'{e}bastien Jean and Kyunghyun Cho and Roland Memisevic and Yoshua Bengio},
  booktitle = {ACL},
  title     = {On Using Very Large Target Vocabulary for Neural Machine Translation},
  year      = {2015},
}

@inproceedings{bog15,
  author    = {Dzmitry Bahdanau and Kyunghyun Cho and Yoshua Bengio},
  booktitle = {ICLR},
  title     = {Neural Machine Translation by Jointly Learning to Align and Translate},
  year      = {2015},
}

@inproceedings{sutskever14,
  author    = {Ilya Sutskever and Oriol Vinyals and Quoc V. Le},
  booktitle = {NIPS},
  title     = {Sequence to Sequence Learning with Neural Networks},
  year      = {2014},
}

@inproceedings{cho14,
  author    = {Kyunghyun Cho and Bart van Merrienboer and Caglar Gulcehre and Fethi Bougares and Holger Schwenk and Yoshua Bengio},
  booktitle = {EMNLP},
  title     = {Learning Phrase Representations using {RNN} Encoder-Decoder for Statistical Machine Translation},
  year      = {2014},
}

@inproceedings{kal13,
  author    = {Nal Kalchbrenner and Phil Blunsom},
  booktitle = {EMNLP},
  title     = {Recurrent Continuous Translation Models},
  year      = {2013},
}

%%%%%%%%%%%%%%%%%%%%%%%%%%%%%%%%%%%%%%%%%%
%%% Sequence to Sequence Models / RNNs %%%
%%%%%%%%%%%%%%%%%%%%%%%%%%%%%%%%%%%%%%%%%%
@inproceedings{li15,
  author    = {Li, Jiwei and Luong, Minh-Thang and Jurafsky, Dan},
  booktitle = {ACL},
  title     = {A Hierarchical Neural Autoencoder for Paragraphs and Documents.},
  year      = {2015},
}

@inproceedings{dai15,
  author    = {Andrew M. Dai and Quoc V. Le},
  booktitle = {NIPS},
  title     = {Semi-supervised Sequence Learning},
  year      = {2015},
}

@inproceedings{kiros15skip,
  author    = {Ryan Kiros and Yukun Zhu and Ruslan Salakhutdinov and Richard S. Zemel and Antonio Torralba and Raquel Urtasun and Sanja Fidler},
  booktitle = {NIPS},
  title     = {Skip-Thought Vectors},
  year      = {2015},
}

@inproceedings{vinyals15grammar,
  author    = {Vinyals, Oriol and Kaiser, Lukasz and Koo, Terry and Petrov, Slav and Sutskever, Ilya and Hinton, Geoffrey},
  booktitle = {NIPS},
  title     = {Grammar as a foreign language},
  year      = {2015},
}

@inproceedings{draw15,
  author    = {Karol Gregor and Ivo Danihelka and Alex Graves and Danilo Jimenez Rezende and Daan Wierstra},
  booktitle = {ICML},
  title     = {{DRAW:} {A} Recurrent Neural Network For Image Generation},
  year      = {2015},
}

@inproceedings{xu15,
  author    = {Kelvin Xu and Jimmy Ba and Ryan Kiros and Kyunghyun Cho and Aaron C. Courville and Ruslan Salakhutdinov and Richard S. Zemel and Yoshua Bengio},
  booktitle = {ICML},
  title     = {Show, Attend and Tell: Neural Image Caption Generation with Visual Attention},
  year      = {2015},
}
@inproceedings{vinyals15caption,
  author    = {Vinyals, Oriol and Toshev, Alexander and Bengio, Samy and Erhan, Dumitru},
  booktitle = {CVPR},
  title     = {Show and tell: A neural image caption generator},
  year      = {2015},
}

@incollection{mnih14,
  author    = {Mnih, Volodymyr and Heess, Nicolas and Graves, Alex and Kavukcuoglu, Koray},
  booktitle = {NIPS},
  title     = {Recurrent Models of Visual Attention},
  year      = {2014},
}
@article{graves14,
  author       = {A. Graves and G. Wayne and I. Danihelka},
  journaltitle = {arXiv preprint arXiv:1410.5401},
  title        = {Neural Turing Machines},
  year         = {2014},
}

@article{zaremba14,
  author       = {Wojciech Zaremba and Ilya Sutskever and Oriol Vinyals},
  journaltitle = {CoRR},
  title        = {Recurrent Neural Network Regularization},
  volume       = {abs/1409.2329},
  year         = {2014},
}

@inproceedings{pham2014dropout,
  author       = {Pham, Vu and Bluche, Th\'{e}odore and Kermorvant, Christopher
    and Louradour, J\'{e}r\^{o}me},
  booktitle    = {ICFHR},
  title        = {Dropout improves recurrent neural networks for handwriting recognition},
  year         = {2014},
}

@inproceedings{graves13c,
  author    = {A. Graves},
  booktitle = {Arxiv preprint arXiv:1308.0850},
  title     = {Generating Sequences With Recurrent Neural Networks},
  year      = {2013},
}

@article{razvan,
  author       = {R. Pascanu and T. Mikolov and Y. Bengio},
  journaltitle = {arXiv preprint arXiv:1211.5063},
  title        = {On the difficulty of training recurrent neural networks},
  year         = {2012},
}

@inproceedings{mikolovLM,
  author    = {Mikolov, Tomas and Zweig, Geoffrey},
  booktitle = {SLT},
  title     = {Context dependent recurrent neural network language model},
  year      = {2012},
}

@inproceedings{MikolovKBCK11,
  author    = {Mikolov, Tomas and Kombrink, Stefan and Burget, Lukas and Cernocký, Jan and Khudanpur, Sanjeev},
  booktitle = {ICASSP},
  title     = {Extensions of recurrent neural network language model},
  year      = {2011},
}

@inproceedings{MikolovKBCK10,
  author    = {Mikolov, Tomas and Martin Karafiát and Burget, Lukas and Cernocký, Jan and Khudanpur, Sanjeev},
  booktitle = {INTERSPEECH},
  title     = {Recurrent neural network based language model},
  year      = {2010},
}


@article{lstm97,
  author       = {Hochreiter, Sepp and Schmidhuber, J\"{u}rgen},
  journaltitle = {Neural Computation},
  number       = {8},
  pages        = {1735--1780},
  title        = {Long Short-Term Memory},
  volume       = {9},
  year         = {1997},
}


%%%%%%%%%%%%%%%%%%%%%%%%%%%
%%% Machine Translation %%%
%%%%%%%%%%%%%%%%%%%%%%%%%%%
@InProceedings{luong15nlm,
  author    = {Luong, Minh-Thang  and  Kayser, Michael  and  Manning, Christopher D.},
  title     = {Deep Neural Language Models for Machine Translation},
  booktitle = {CoNLL},
  year      = {2015},
}

@inproceedings{chrf,
  author    = {Popovi\'{c}, Maja},
  booktitle = {WMT},
  title     = {{chrF: character n-gram F-score for automatic MT evaluation}},
  year      = {2015},
}

% ACL'14 best paper award, joint neural LM
@inproceedings{devlin14,
  author    = {J. Devlin and R. Zbib and Z. Huang and T. Lamar and R. Schwartz and J. Makhoul},
  booktitle = {ACL},
  title     = {Fast and Robust Neural Network Joint Models for Statistical Machine Translation},
  year      = {2014},
}


% Winning entry in WMT'15 for English-Czech
@inproceedings{bojar15wmt,
  author    = {Bojar, Ond\u{r}ej and Tamchyna, Ale\u{s}},
  booktitle = {WMT},
  title     = {{CUNI in WMT15: Chimera Strikes Again}},
  year      = {2015},
}

% Winning entry in WMT'14 for English-German
@inproceedings{buck14,
  author    = {Christian Buck and Kenneth Heafield and Bas van Ooyen},
  booktitle = {LREC},
  title     = {N-gram Counts and Language Models from the Common Crawl},
  year      = {2014},
}


% Winning entry in WMT'14 for English-French
@inproceedings{durrani-EtAl:2014:W14-33,
  author    = {Durrani, Nadir and Haddow, Barry and Koehn, Philipp and Heafield, Kenneth},
  booktitle = {WMT},
  title     = {Edinburgh's Phrase-based Machine Translation Systems for {WMT}-14},
  year      = {2014},
}

@misc{wmt14_en_fr,
  author       = {H. Schwenk},
  howpublished = {\url{http://www-lium.univ-lemans.fr/~schwenk/cslm_joint_paper/}},
  note         = {[Online; accessed 03-September-2014]},
  title        = {University Le Mans},
  year         = {2014},
}

@misc{statmt,
  author       = {statmt.org},
  howpublished = {\url{http://matrix.startmt.org/matrix/}},
  note         = {[Online; accessed 03-September-2014]},
  title        = {statmt.org},
  year         = {2014},
}
@inproceedings{green-EtAl:2013:ACL2013,
  author    = {Green, Spence and Wang, Sida and Cer, Daniel and Manning, Christopher D.},
  booktitle = {ACL},
  title     = {Fast and Adaptive Online Training of Feature-Rich Translation Models},
  year      = {2013},
}

@inproceedings{vaswani13decode,
  author    = {Ashish Vaswani and Yinggong Zhao and Victoria Fossum and David Chiang},
  booktitle = {EMNLP},
  title     = {Decoding with large-scale neural language models improves translation},
  year      = {2013},
}

@inproceedings{zou13bilingual,
  author    = {Will Y. Zou and Richard Socher and Daniel Cer and Christopher D. Manning},
  booktitle = {EMNLP},
  title     = {Bilingual Word Embeddings for Phrase-Based Machine Translation},
  year      = {2013},
}

@article{mikolov13mt,
  author       = {Tomas Mikolov and Quoc V. Le and Ilya Sutskever},
  ee           = {http://arxiv.org/abs/1309.4168},
  journaltitle = {CoRR},
  title        = {Exploiting Similarities among Languages for Machine Translation},
  volume       = {abs/1309.4168},
  year         = {2013},
}

@inproceedings{Schwenk12continuous,
  author    = {Holger Schwenk},
  booktitle = {COLING},
  title     = {Continuous Space Translation Models for Phrase-Based Statistical Machine Translation},
  year      = {2012},
}

@inproceedings{Son:2012:CST,
  author    = {Son, Le Hai and Allauzen, Alexandre and Yvon, François},
  booktitle = {NAACL-HLT},
  title     = {Continuous Space Translation Models with Neural Networks},
  year      = {2012},
}

% kenlm
@inproceedings{kenlm,
  author = {Kenneth Heafield},
  title = {{KenLM:} Faster and Smaller Language Model Queries},
  year = {2011},
  booktitle = {WMT},
}

% Phrasal
@inproceedings{cer10phrasal,
  author    = {D. Cer and M. Galley and D. Jurafsky and C. D. Manning},
  booktitle = {ACL, Demonstration Session},
  title     = {Phrasal: A statistical machine translation toolkit for exploring new model features},
  year      = {2010},
}

% cdec
@inproceedings{dyer10cdec,
  author    = {Chris Dyer and Jonathan Weese and Hendra Setiawan and Adam Lopez and Ferhan Ture and Vladimir Eidelman and Juri Ganitkevitch and Phil Blunsom and Philip Resnik},
  booktitle = {ACL, Demonstration Session},
  title     = {cdec: A decoder, alignment, and learning framework for finite-state and context-free translation models},
  year      = {2010},
}

@article{schwenk07,
 author = {Schwenk, Holger},
 title = {Continuous Space Language Models},
 journal = {Computer Speech and Languages},
 volume = {21},
 number = {3},
 year = {2007},
 pages = {492--518},
} 

@MISC{hutchins07,
    author = {W. John Hutchins},
    title = {Machine translation: A concise history},
    year = {2007}
}

% Moses

% Hiero
@article{chiang07hiero,
  author       = {David Chiang},
  journaltitle = {Computational Linguistics},
  number       = {2},
  pages        = {201-228},
  title        = {Hierarchical phrase-based translation},
  volume       = {33},
  year         = {2007},
}

@inproceedings{Liang:2006:EDA,
 author = {Liang, Percy and Bouchard-C\^{o}t{\'e}, Alexandre and Klein, Dan and Taskar, Ben},
 title = {An End-to-end Discriminative Approach to Machine Translation},
 booktitle = {ACL},
 year = {2006},
} 

% Berkeley aligner
@inproceedings{liang06alignment,
  author    = {Percy Liang and Ben Taskar and Dan Klein},
  booktitle = {NAACL},
  title     = {Alignment by Agreement},
  year      = {2006},
}


@inproceedings{Koehn:2003:SMT,
  author    = {Koehn, Philipp and Och, Franz Josef and Marcu, Daniel},
  booktitle = {NAACL},
  title     = {Statistical Phrase-based Translation},
  year      = {2003},
}

@article{och03,
  author       = {Och, Franz Josef and Ney, Hermann},
  journaltitle = {Computational Linguistics},
  number       = {1},
  pages        = {19-51},
  title        = {A Systematic Comparison of Various Statistical Alignment Models},
  volume       = {29},
  year         = {2003},
}

% "the" SMT paper
@article{Brown:1993:MSM,
  author       = {Brown, Peter F. and Pietra, Vincent J. Della and Pietra, Stephen A. Della and Mercer, Robert L.},
  journaltitle = {Computational Linguistics},
  month        = {06},
  number       = {2},
  pages        = {263--311},
  title        = {The Mathematics of Statistical Machine Translation: Parameter Estimation},
  volume       = {19},
  year         = {1993},
}

@inproceedings{Papineni02bleu,
  author    = {Kishore Papineni and Salim Roukos and Todd Ward and Wei-jing Zhu},
  booktitle = {ACL},
  title     = {BLEU: a Method for Automatic Evaluation of Machine Translation},
  year      = {2002},
}

@incollection{weaver49,
  address = {Cambridge, MA},
  author = {Weaver, Warren},
  booktitle = {Machine Translation of Languages},
  editor = {Locke, William N. and Boothe, A. Donald},
  note = {Reprinted from a memorandum written by Weaver in 1949.},
  pages = {15--23},
  publisher = {MIT Press},
  title = {Translation},
  year = {1949}
}



%%%%%%%%%%%%%%%%%%%%%%%%%%
%%% Deep Learning / ML %%%
%%%%%%%%%%%%%%%%%%%%%%%%%%
@inproceedings{bhsne,
  author    = {Laurens van der Maaten},
  booktitle = {ICLR},
  title     = {{Barnes-Hut-SNE}},
  year      = {2013},
}


@inproceedings{kriz12,
  author    = {A. Krizhevsky and I. Sutskever and G.~E. Hinton},
  booktitle = {NIPS},
  title     = {{ImageNet} Classification with Deep Convolutional Neural Networks},
  year      = {2012},
}

@article{hinton12,
  author       = {G. Hinton and L. Deng and D. Yu and G. Dahl and A. Mohamed and N. Jaitly and A. Senior and V. Vanhoucke and P. Nguyen and T. Sainath and B. Kingsbury},
  journaltitle = {IEEE Signal Processing Magazine},
  title        = {Deep Neural Networks for Acoustic Modeling in Speech Recognition},
  year         = {2012},
}

@article{gutmann12nce,
  author       = {Michael Gutmann and Aapo Hyvärinen},
  journaltitle = {JMLR},
  pages        = {307-361},
  title        = {Noise-Contrastive Estimation of Unnormalized Statistical Models, with Applications to Natural Image Statistics},
  volume       = {13},
  year         = {2012},
}

@article{duchi11adagrad,
  author       = {John C. Duchi and Elad Hazan and Yoram Singer},
  journaltitle = {JMLR},
  pages        = {2121-2159},
  title        = {Adaptive Subgradient Methods for Online Learning and Stochastic Optimization},
  volume       = {12},
  year         = {2011},
}

@misc{Ratliff_subgradient,
  author    = {Ratliff, Nathan D. and Bagnell, J. Andrew and Zinkevich, Martin A.},
  booktitle = {AISTATS},
  title     = {Online Subgradient Methods for Structured Prediction},
  year      = {2007},
}

@inproceedings{Smith:2005:CET,
  author    = {Smith, Noah A. and Eisner, Jason},
  booktitle = {ACL},
  title     = {Contrastive estimation: training log-linear models on unlabeled data},
  year      = {2005},
}

@article{goller:ieeenn00,
  author       = {Goller, C. and Küchler, A.},
  journaltitle = {IEEE Transactions on Neural Networks},
  pages        = {347--352},
  title        = {Learning Task-Dependent Distributed Representations by Backpropagation Through Structure},
  volume       = {1},
  year         = {1996},
}

@inproceedings{werbos1990,
  author    = {Werbos, P.},
  booktitle = {Proceedings of the IEEE},
  pages     = {1550--1560},
  title     = {Back propagation through time: What it does and how to do it.},
  volume    = {78},
  year      = {1990},
}

@incollection{Rumelhart:1986:LPT,
  author    = {Rumelhart, David E. and McClelland, James L.},
  booktitle = {Parallel Distributed Processing. {Volume 2}: Psychological and Biological Models},
  editor    = {McClelland, J. L. and Rumelhart, D. E. and {{PDP Research Group}}},
  pages     = {216-271},
  publisher = {MIT Press},
  title     = {On Learning the Past Tenses of {English} Verbs},
  year      = {1986},
}


%%%%%%%%%%%
%%% NLP %%%
%%%%%%%%%%%
% Use Amazon mechanical turk in NLP
@inproceedings{Snow:2008:CFG,
  author    = {Snow, Rion and O'Connor, Brendan and Jurafsky, Daniel and Ng, Andrew Y.},
  booktitle = {EMNLP},
  title     = {Cheap and fast---but is it good?: {Evaluating} non-expert annotations for natural language tasks},
  year      = {2008},
}

% LDA
@article{Blei:2003:LDA,
  author       = {Blei, David M. and Ng, Andrew Y. and Jordan, Michael I.},
  journaltitle = {Journal of Machine Learning Research},
  pages        = {993--1022},
  title        = {Latent Dirichlet Allocation},
  volume       = {3},
  year         = {2003},
}

% PTB
@article{Marcus:1993:BLA,
  author       = {Marcus, Mitchell P. and Marcinkiewicz, Mary Ann and Santorini, Beatrice},
  journaltitle = {Computational Linguistics},
  number       = {2},
  pages        = {313--330},
  title        = {Building a Large Annotated Corpus of English: The Penn Treebank},
  volume       = {19},
  year         = {1993},
}

% Brown clustering
@article{Brown:1992:CNG,
  author       = {Brown, Peter F. and deSouza, Peter V. and Mercer, Robert L. and Pietra, Vincent J. Della and Lai, Jenifer C.},
  journaltitle = {Computational Linguistics},
  number       = {4},
  pages        = {467--479},
  title        = {Class-based N-gram Models of Natural Language},
  volume       = {18},
  year         = {1992},
}


%%%%%%%%%%%%%%%%%%%%%%%%%%%
%%% Character-level NLP %%%
%%%%%%%%%%%%%%%%%%%%%%%%%%%
@inproceedings{chan16,
  author       = {William Chan and Navdeep Jaitly and Quoc V. Le and Oriol Vinyals},
  booktitle = {ICASSP},
  title        = {Listen, Attend and Spell},
  year         = {2016},
}

@inproceedings{bahdanau16,
  author       = {Dzmitry Bahdanau and Jan Chorowski and Dmitriy Serdyuk and Philemon Brakel and Yoshua Bengio},
  booktitle = {ICASSP},
  title        = {End-to-End Attention-based Large Vocabulary Speech Recognition},
  year         = {2016},
}

@inproceedings{ling15function,
  author    = {Ling, Wang and Dyer, Chris and Black, Alan W. and Trancoso,
    Isabel and Fermandez, Ramon and Amir, Silvio and Marujo, Lu\'{i}s and
      Lu\'{i}s, Tiago},
  booktitle = {EMNLP},
  title     = {Finding Function in Form: Compositional Character Models for Open Vocabulary Word Representation.},
  year      = {2015},
}

@inproceedings{ballesteros15,
  author    = {Ballesteros, Miguel and Dyer, Chris and Smith, Noah A.},
  booktitle = {EMNLP},
  title     = {Improved Transition-based Parsing by Modeling Characters instead
    of Words with {LSTMs}},
  year      = {2015},
}

@article{rafal16,
  author       = {Rafal Jozefowicz and Oriol Vinyals and Mike Schuster and Noam Shazeer
    and Yonghui Wu},
  journaltitle = {arXiv preprint arXiv:1602.02410},
  title        = {Exploring the Limits of Language Modeling},
  year         = {2016},
}

@inproceedings{zhang15,
  author    = {Xiang Zhang and Junbo Zhao and Yann LeCun},
  booktitle = {NIPS},
  title     = {Character-level Convolutional Networks for Text Classification},
  year      = {2015},
}

@inproceedings{kim16,
  author    = {Yoon Kim and Yacine Jernite and David Sontag and Alexander M. Rush},
  booktitle = {AAAI},
  title     = {Character-Aware Neural Language Models},
  year      = {2016},
}

@inproceedings{santos14,
  author    = {C{\'{\i}}cero Nogueira dos Santos and
               Bianca Zadrozny},
  title     = {Learning Character-level Representations for Part-of-Speech Tagging},
  booktitle = {ICML},
  year      = {2014},
}

%%%%%%%%%%%%%%%%%%%%%%%%%
%%% Deep Learning NLP %%%
%%%%%%%%%%%%%%%%%%%%%%%%%
@inproceedings{pennington2014,
  author = {Jeffrey Pennington and Richard Socher and Christopher D. Manning},
  booktitle = {EMNLP},
  title = {GloVe: Global Vectors for Word Representation},
  year = {2014},
}

@inproceedings{chen2014,
  author    = {Chen, Danqi and Manning, Christopher D},
  booktitle = {Empirical Methods in Natural Language Processing (EMNLP)},
  title     = {A Fast and Accurate Dependency Parser using Neural Networks},
  year      = {2014},
}

@inproceedings{Socher-etal:2013:sentiment,
  author    = {Socher, Richard and Perelygin, Alex and Wu, Jean and Chuang, Jason and Manning, Christopher D. and Ng, Andrew Y. and Potts, Christopher},
  booktitle = {EMNLP},
  title     = {Recursive Deep Models for Semantic Compositionality Over a Sentiment Treebank},
  year      = {2013},
}

@inproceedings{SocherEtAl2013:CVG,
  author    = {Richard Socher and John Bauer and Christopher D. Manning and Andrew Y. Ng},
  booktitle = {{ACL}},
  title     = {{Parsing With Compositional Vector Grammars}},
  year      = {2013},
}

@inproceedings{mikolov13iclr,
  author    = {Tomas Mikolov and Kai Chen and Greg Corrado and Jeffrey Dean},
  booktitle = {ICLR},
  title     = {Efficient Estimation of Word Representations in Vector Space},
  year      = {2013},
}

@inproceedings{mnih13nce,
  author    = {Mnih, Andriy and Kavukcuoglu, Koray},
  booktitle = {NIPS},
  title     = {Learning word embeddings efficiently with noise-contrastive estimation},
  year      = {2013},
}

@inproceedings{mikolov13nips,
  author    = {Tomas Mikolov and Ilya Sutskever and Kai Chen and Greg Corrado and Jeffrey Dean},
  booktitle = {NIPS},
  title     = {Distributed Representations of Words and Phrases and their Compositionality},
  year      = {2013},
}

@inproceedings{luong13,
  author    = {Luong, Minh-Thang and Socher, Richard and Manning, Christopher D.},
  booktitle = {CoNLL},
  title     = {Better Word Representations with Recursive Neural Networks for Morphology},
  year      = {2013},
}

@inproceedings{mikolov13regularities,
  author    = {Mikolov, Tomas and Yih, Wen-tau and Zweig, Geoffrey},
  booktitle = {NAACL-HLT},
  title     = {Linguistic Regularities in Continuous Space Word Representations},
  year      = {2013},
}

@inproceedings{MnihTeh2012,
  author    = {Mnih, Andriy and Teh, Yee Whye},
  booktitle = {ICML},
  title     = {A fast and simple algorithm for training neural probabilistic language models},
  year      = {2012},
}

@inproceedings{Socher2012,
  author    = {R. Socher and B. Huval and C. D. Manning and A. Y. Ng},
  booktitle = {EMNLP},
  title     = {Semantic Compositionality Through Recursive Matrix-Vector Spaces},
  year      = {2012},
}

@article{Collobert2011jmlr,
  author       = {R. Collobert and J. Weston and L. Bottou and M. Karlen and K. Kavukcuoglu and P. Kuksa},
  journaltitle = {JMLR},
  pages        = {2493--2537},
  title        = {Natural Language Processing (Almost) from Scratch},
  volume       = {12},
  year         = {2011},
}

@inproceedings{Socher2011,
  author    = {R. Socher and E. H. Huang and J. Pennington and A. Y. Ng and C. D. Manning},
  booktitle = {{NIPS}},
  title     = {Dynamic Pooling and Unfolding Recursive Autoencoders for Paraphrase Detection},
  year      = {2011},
}

@inproceedings{Socher2011b,
  author    = {R. Socher and J. Pennington and E. H. Huang and A. Y. Ng and C. D. Manning},
  booktitle = {EMNLP},
  title     = {Semi-Supervised Recursive Autoencoders for Predicting Sentiment Distributions},
  year      = {2011},
}

@inproceedings{SocherEtAl2011:RNN,
  author    = {R. Socher and Cliff C. Lin and A. Y. Ng and C. D. Manning},
  booktitle = {ICML},
  title     = {Parsing Natural Scenes and Natural Language with Recursive Neural Networks},
  year      = {2011},
}

@inproceedings{Glorot2011,
  author    = {Glorot, X. and Bordes, A. and Bengio, Y.},
  booktitle = {ICML},
  title     = {Domain Adaptation for Large-Scale Sentiment Classification: A Deep Learning Approach},
  year      = {2011},
}

@inproceedings{collobert2011distriminateParsing,
  author    = {R. Collobert},
  booktitle = {AISTATS},
  title     = {Deep Learning for Efficient Discriminative Parsing},
  year      = {2011},
}

@inproceedings{Socher10Phrase,
  author    = {Socher, Richard and Manning, Christopher and Ng, Andrew},
  booktitle = {NIPS*2010 Workshop on Deep Learning and Unsupervised Feature Learning},
  title     = {Learning Continuous Phrase Representations and Syntactic Parsing with Recursive Neural Networks},
  year      = {2010},
}

@inproceedings{Turian2010,
  author    = {Turian, J. and Ratinov, L. and Bengio, Y.},
  booktitle = {ACL},
  title     = {Word representations: a simple and general method for semi-supervised learning},
  year      = {2010},
}


@inproceedings{MnihHinton2009,
  author    = {Mnih, Andriy and Hinton, Geoffrey},
  booktitle = {NIPS},
  title     = {A Scalable Hierarchical Distributed Language Model},
  year      = {2009},
}

@inproceedings{Collobert2008,
  author    = {R. Collobert and J. Weston},
  booktitle = {ICML},
  title     = {A unified architecture for natural language processing: deep neural networks with multitask learning},
  year      = {2008},
}

@inproceedings{Mnih2007,
  author    = {Mnih, Andriy and Hinton, Geoffrey},
  booktitle = {ICML},
  title     = {Three new graphical models for statistical language modelling},
  year      = {2007},
}

@inproceedings{Morin2005,
  author    = {Morin, Frederic},
  booktitle = {AISTATS},
  title     = {Hierarchical probabilistic neural network language model. {AI}STATS'05},
  year      = {2005},
}

@article{Bengio2003,
  author       = {Bengio, Y. and Ducharme, R. and Vincent, P. and Janvin, C.},
  journaltitle = {JMLR},
  pages        = {1137--1155},
  title        = {A neural probabilistic language model},
  volume       = {3},
  year         = {2003},
}
















%%%%%%%%%%%%%%%%%%%%%%%%%%%
%%% Multi-task learning %%%
%%%%%%%%%%%%%%%%%%%%%%%%%%%
@inproceedings{bordes12,
  author    = {Bordes, Antoine and Glorot, Xavier and Weston, Jason and Bengio, Yoshua},
  booktitle = {AISTATS},
  title     = {Joint Learning of Words and Meaning Representations for Open-Text Semantic Parsing},
  year      = {2012},
}

@inproceedings{chen14joint,
  author    = {Chen, Dongpeng and Mak, Brian and Leung, Cheung-Chi and Sivadas, Sunil},
  booktitle = {ICASSP},
  title     = {Joint acoustic modeling of triphones and trigraphemes by multi-task learning deep neural networks for low-resource speech recognition},
  year      = {2014},
}

@inproceedings{almeida13,
  author    = {Almeida, Miguel and Martins, André FT},
  booktitle = {ACL},
  title     = {Fast and Robust Compressive Summarization with Dual Decomposition and Multi-Task Learning.},
  year      = {2013},
}

@article{ando05,
  author       = {Ando, Rie Kubota and Zhang, Tong},
  journaltitle = {JMLR},
  pages        = {1817--1853},
  title        = {A Framework for Learning Predictive Structures from Multiple Tasks and Unlabeled Data},
  volume       = {6},
  year         = {2005},
}

@inproceedings{kumar12,
  author    = {Abhishek Kumar and Hal Daum\'{e} III},
  booktitle = {ICML},
  title     = {Learning Task Grouping and Overlap in Multi-task Learning},
  year      = {2012},
}

@inproceeding{donahue14,
  author    = {Jeff Donahue and Yangqing Jia and Oriol Vinyals and Judy Hoffman and Ning Zhang and Eric Tzeng and Trevor Darrell},
  booktitle = {ICML},
  title     = {{DeCAF}: A Deep Convolutional Activation Feature for Generic Visual Recognition},
  year      = {2014},
}

@inproceedings{huang2013cross,
  author    = {Huang, Jui-Ting and Li, Jinyu and Yu, Dong and Deng, Li and Gong, Yifan},
  booktitle = {ICASSP},
  title     = {Cross-language knowledge transfer using multilingual deep neural network with shared hidden layers},
  year      = {2013},
}

@inproceedings{razavian2014cnn,
  author    = {Razavian, Ali S and Azizpour, Hossein and Sullivan, Josephine and Carlsson, Stefan},
  booktitle = {CVPR DeepVision workshop},
  title     = {{CNN} features off-the-shelf: an astounding baseline for recognition},
  year      = {2014},
}

@inproceedings{heigold13,
  author    = {Heigold, Georg and Vanhoucke, Vincent and Senior, Alan and Nguyen, Patrick and Ranzato, Marc'Aurelio and Devin, Matthieu and Dean, Jeffrey},
  booktitle = {ICASSP},
  title     = {Multilingual acoustic models using distributed deep neural networks},
  year      = {2013},
}

@inproceedings{deng13,
  author    = {Deng, Li and Li, Jinyu and Huang, Jui-Ting and Yao, Kaisheng and Yu, Dong and Seide, Frank and Seltzer, Mike and Zweig, Geoffrey and He, Xiaodong and Williams, Julia and others},
  booktitle = {ICASSP},
  title     = {Recent advances in deep learning for speech research at Microsoft},
  year      = {2013},
}

@article{argyriou08,
  author       = {Argyriou, Andreas and Evgeniou, Theodoros and Pontil, Massimiliano},
  journaltitle = {Machine Learning},
  number       = {3},
  pages        = {243--272},
  title        = {Convex multi-task feature learning},
  volume       = {73},
  year         = {2008},
}

@inproceedings{evgeniou04,
  author    = {Evgeniou, Theodoros and Pontil, Massimiliano},
  booktitle = {SIGKDD},
  title     = {Regularized multi--task learning},
  year      = {2004},
}

@inproceedings{zhang12robust,
  author    = {Tianzhu Zhang and Bernard Ghanem and Si Liu and Narendra Ahuja},
  booktitle = {CVPR},
  title     = {Robust visual tracking via multi-task sparse learning},
  year      = {2012},
}

@article{yuan12,
  author       = {Xiao{-}Tong Yuan and Xiaobai Liu and Shuicheng Yan},
  journaltitle = {{IEEE} Transactions on Image Processing},
  number       = {10},
  title        = {Visual Classification With Multitask Joint Sparse Representation},
  volume       = {21},
  year         = {2012},
}

@incollection{jalali10,
  author    = {Ali Jalali and Sanghavi, Sujay and Chao Ruan and Pradeep K. Ravikumar},
  booktitle = {NIPS},
  title     = {A Dirty Model for Multi-task Learning},
  year      = {2010},
}

@article{zhang12convex,
  author       = {Zhang, Yu and Yeung, Dit-Yan},
  journaltitle = {CoRR},
  title        = {A Convex Formulation for Learning Task Relationships in Multi-Task Learning},
  volume       = {abs/1203.3536},
  year         = {2012},
}

@inproceedings{neubig15,
  author    = {Graham Neubig and Philip Arthur and Kevin Duh},
  booktitle = {NAACL},
  title     = {Multi-Target Machine Translation with Multi-Synchronous Context-free Grammars},
  year      = {2015},
}

@inproceedings{thrun96,
  author    = {Sebastian Thrun},
  booktitle = {NIPS},
  title     = {Is Learning The n-th Thing Any Easier Than Learning The First?},
  year      = {1996},
}

@inproceedings{argyriou07,
  author    = {Andreas Argyriou and Theodoros Evgeniou and Massimiliano Pontil},
  booktitle = {NIPS},
  title     = {Multi-task feature learning},
  year      = {2007},
}

@article{lounici09,
  author       = {Lounici, K. and Pontil, M. and Tsybakov, A. B. and Van De Geer, S.},
  journaltitle = {COLT},
  title        = {{Taking advantage of sparsity in multi-task learning}},
  year         = {2009},
}

@article{caruana97,
  author       = {Caruana, Rich},
  journaltitle = {Machine Learning},
  number       = {1},
  pages        = {41--75},
  title        = {Multitask Learning},
  volume       = {28},
  year         = {1997},
}

@inproceedings{liu15,
  author    = {Xiaodong Liu and Jianfeng Gao and Xiaodong He and Li Deng and Kevin Duh and Ye-Yi Wang},
  booktitle = {NAACL},
  title     = {Representation Learning Using Multi-Task Deep Neural Networks for Semantic Classification and Information Retrieval},
  year      = {2015},
}

@inproceedings{dong15,
  author    = {Dong, Daxiang and Wu, Hua and He, Wei and Yu, Dianhai and Wang, Haifeng},
  booktitle = {ACL},
  title     = {Multi-Task Learning for Multiple Language Translation},
  year      = {2015},
}

%%%%%%%%%%%%%%%%%%%%%%%%%%%
%%% Vector-space Models %%%
%%%%%%%%%%%%%%%%%%%%%%%%%%%
@inproceedings{Dumais:1988:LSA,
  author    = {Dumais, S. T. and Furnas, G. W. and Landauer, T. K. and Deerwester, S. and Harshman, R.},
  booktitle = {CHI},
  title     = {Using Latent Semantic Analysis to Improve Access to Textual Information},
  year      = {1988},
}

@thesis{sahlgren06,
  author      = {Sahlgren, Magnus},
  institution = {Stockholm University},
  title       = {The Word-Space Model: Using Distributional Analysis to Represent Syntagmatic and Paradigmatic Relations between Words in High-Dimensional Vector Spaces},
  type        = {phdthesis},
  year        = {2006},
}

@article{Kim:2004:LTL,
  author       = {Kim, Woosung and Khudanpur, Sanjeev},
  journaltitle = {Transactions on Asian Language Information Processing},
  month        = {06},
  number       = {2},
  pages        = {94--112},
  title        = {Lexical Triggers and Latent Semantic Analysis for Cross-lingual Language Model Adaptation},
  volume       = {3},
  year         = {2004},
}

@inproceedings{Mimno:2009:PTM,
  author    = {Mimno, David and Wallach, Hanna M. and Naradowsky, Jason and Smith, David A. and McCallum, Andrew},
  booktitle = {EMNLP},
  pages     = {880--889},
  title     = {Polylingual Topic Models},
  year      = {2009},
}

@article{Turney:2010:FMV,
  author       = {Turney, Peter D. and Pantel, Patrick},
  journaltitle = {Journal of Artificial Intelligence Research},
  number       = {1},
  pages        = {141--188},
  title        = {From Frequency to Meaning: Vector Space Models of Semantics},
  volume       = {37},
  year         = {2010},
}

@inproceedings{vulic2011identifying,
  author    = {Vulic, Ivan and De Smet, Wim and Moens, Marie-Francine and Leuven, KU},
  booktitle = {ACL-HLT},
  title     = {Identifying word translations from comparable corpora using latent topic models},
  year      = {2011},
}

@inproceedings{Rapp99,
  author    = {Rapp, Reinhard},
  booktitle = {ACL},
  title     = {Automatic Identification of Word Translations from Unrelated English and German Corpora},
  year      = {1999},
}

@inproceedings{gaussier-EtAl:2004:ACL,
  author    = {Gaussier, Eric and Renders, J.M. and Matveeva, I. and Goutte, C. and Dejean, H.},
  booktitle = {ACL},
  title     = {A Geometric View on Bilingual Lexicon Extraction from Comparable Corpora},
  year      = {2004},
}

@inproceedings{Fung04mining,
  author    = {Pascale Fung and Percy Cheung},
  booktitle = {EMNLP},
  title     = {Mining Very Non-Parallel Corpora: Parallel Sentence and Lexicon Extraction via Bootstrapping and {EM}},
  year      = {2004},
}

@article{tackstrom-etal-2013,
  author       = {Oscar T\"{a}ckstr\"{o}m and Dipanjan Das and Slav Petrov and Ryan McDonald and Joakim Nivre},
  journaltitle = {Transactions of the Association for Computational Linguistics},
  pages        = {1-12},
  title        = {Token and Type Constraints for Cross-Lingual Part-of-Speech Tagging},
  volume       = {1},
  year         = {2013},
}

@article{Pado:2009:crossSRL,
  author       = {Pad\'{o}, Sebastian and Lapata, Mirella},
  journaltitle = {Journal of Artificial Intelligence Research},
  number       = {1},
  pages        = {307--340},
  title        = {Cross-lingual Annotation Projection of Semantic Roles},
  volume       = {36},
  year         = {2009},
}

@article{LevowOR05:crossIR,
  author       = {Levow, Gina-Anne and Oard, Douglas W. and Resnik, Philip},
  journaltitle = {Information Processing and Management},
  number       = {3},
  pages        = {523-547},
  title        = {Dictionary-based techniques for cross-language information retrieval},
  volume       = {41},
  year         = {2005},
}

@inproceedings{durrett-pauls-klein:2012:EMNLP-CoNLL,
  author    = {Durrett, Greg and Pauls, Adam and Klein, Dan},
  booktitle = {EMNLP-CoNLL},
  title     = {Syntactic Transfer Using a Bilingual Lexicon},
  year      = {2012},
}

@inproceedings{vulic-moens:2013:EMNLP,
  author    = {Vuli\'{c}, Ivan and Moens, Marie-Francine},
  booktitle = {EMNLP},
  title     = {A Study on Bootstrapping Bilingual Vector Spaces from Non-Parallel Data (and Nothing Else)},
  year      = {2013},
}

@inproceedings{Garera:2009:ITL,
  author    = {Garera, Nikesh and Callison-Burch, Chris and Yarowsky, David},
  booktitle = {CoNLL},
  title     = {Improving Translation Lexicon Induction from Monolingual Corpora via Dependency Contexts and Part-of-speech Equivalences},
  year      = {2009},
}

@inproceedings{Boyd-Graber:2009:MTM,
  author    = {Boyd-Graber, Jordan and Blei, David M.},
  booktitle = {UAI},
  title     = {Multilingual Topic Models for Unaligned Text},
  year      = {2009},
}

@inproceedings{Platt:2010:TDR,
  author    = {Platt, John C. and Toutanova, Kristina and Yih, Wen-tau},
  booktitle = {EMNLP},
  title     = {Translingual Document Representations from Discriminative Projections},
  year      = {2010},
}

@inproceedings{HaghighiLBK08,
  author    = {Haghighi, Aria and Liang, Percy and Berg-Kirkpatrick, Taylor and Klein, Dan},
  booktitle = {ACL},
  title     = {Learning Bilingual Lexicons from Monolingual Corpora},
  year      = {2008},
}

@inproceedings{Sumita:2000:lexical,
  author    = {Sumita, Eiichiro},
  booktitle = {ACL},
  title     = {Lexical transfer using a vector-space model},
  year      = {2000},
}

@inproceedings{Peirsman:2010:CIS,
  author    = {Peirsman, Yves and Pad\'{o}, Sebastian},
  booktitle = {NAACL-HLT},
  title     = {Cross-lingual Induction of Selectional Preferences with Bilingual Vector Spaces},
  year      = {2010},
}

@inproceedings{Boyd-Graber:2010:HSA,
  author    = {Boyd-Graber, Jordan and Resnik, Philip},
  booktitle = {EMNLP},
  title     = {Holistic Sentiment Analysis Across Languages: Multilingual Supervised Latent Dirichlet Allocation},
  year      = {2010},
}

@inproceedings{Ruiz:2011:TAL,
  author    = {Ruiz, Nick and Federico, Marcello},
  booktitle = {WMT},
  title     = {Topic Adaptation for Lecture Translation Through Bilingual Latent Semantic Models},
  year      = {2011},
}

@inproceedings{Tam07biLSA-spoken,
  author    = {Tam, Yik-Cheung and Schultz, Tanja},
  booktitle = {Interspeech},
  title     = {Bilingual {LSA}-based translation lexicon adaptation for spoken language translation.},
  year      = {2007},
}

@inproceedings{ZhaoXing2007,
  author    = {Zhao, Bing and Xing, Eric P.},
  booktitle = {NIPS},
  title     = {{HM-BiTAM: Bilingual Topic Exploration, Word Alignment, and Translation}},
  year      = {2007},
}

@inproceedings{Zhao06bitam:bilingual,
  author    = {Bing Zhao and Eric P. Xing},
  booktitle = {ACL},
  title     = {{BiTAM}: Bilingual topic admixture models for word alignment},
  year      = {2006},
}

@inproceedings{Yarowsky:2001:IMP,
  author    = {Yarowsky, David and Ngai, Grace},
  booktitle = {NAACL},
  title     = {Inducing Multilingual POS Taggers and NP Bracketers via Robust Projection Across Aligned Corpora},
  year      = {2001},
}

@inproceedings{green-EtAl:2011:Entity,
  author    = {Spence Green and Nicholas Andrews and Matthew R. Gormley and Mark Dredze and Christopher D. Manning},
  booktitle = {NAACL},
  month     = {June},
  title     = {Entity Clustering Across Languages},
  year      = {2012},
}

@inproceedings{wang-che-manning:2013:ACL2013,
  author    = {Wang, Mengqiu and Che, Wanxiang and Manning, Christopher D.},
  booktitle = {ACL},
  title     = {Joint Word Alignment and Bilingual Named Entity Recognition Using Dual Decomposition},
  year      = {2013},
}

@inproceedings{jin12ws353zh,
  author    = {Jin, Peng and Wu, Yunfang},
  booktitle = {SemEval},
  title     = {SemEval-2012 Task 4: Evaluating Chinese Word Similarity},
  year      = {2012},
}

@article{miller-91,
  author       = {Miller, George A. and Charles, Walter G.},
  journaltitle = {Language and Cognitive Processes},
  number       = {1},
  pages        = {1--28},
  title        = {{Contextual correlates of semantic similarity}},
  volume       = {6},
  year         = {1991},
}

@article{FinkelsteinGMRSWR02ws353,
  author       = {Finkelstein, Lev and Gabrilovich, Evgeniy and Matias, Yossi and Rivlin, Ehud and Solan, Zach and Wolfman, Gadi and Ruppin, Eytan},
  journaltitle = {ACM Transactions on Information Systems},
  number       = {1},
  pages        = {116-131},
  title        = {Placing search in context: the concept revisited},
  volume       = {20},
  year         = {2002},
}

@article{Rubenstein:1965:CCS,
  author       = {Rubenstein, Herbert and Goodenough, John B.},
  issue_date   = {Oct. 1965},
  journaltitle = {Communications of the ACM},
  number       = {10},
  pages        = {627--633},
  title        = {Contextual correlates of synonymy},
  volume       = {8},
  year         = {1965},
}

@article{Rohde06animproved,
  author       = {Douglas L. T. Rohde and Laura M. Gonnerman and David C. Plaut},
  journaltitle = {Communications of the ACM},
  pages        = {627--633},
  title        = {An improved model of semantic similarity based on lexical co-occurence},
  volume       = {8},
  year         = {2006},
}

@article{Miller1995,
  author       = {Miller, G.A.},
  journaltitle = {Communications of the ACM},
  title        = {{WordNet: A Lexical Database for English}},
  year         = {1995},
}

@article{nelson2005wha,
  author       = {Nelson, D.L. and Dyrdal, G.M. and Goodmon, L.B.},
  journaltitle = {Psychon Bull Rev},
  number       = {4},
  pages        = {711-719},
  title        = {What is preexisting strength? Predicting free association probabilities, similarity ratings, and cued recall probabilities.},
  volume       = {12},
  year         = {2005},
}

@inproceedings{HuangEtAl2012,
  author    = {E. H. Huang and R. Socher and C. D. Manning and A. Y. Ng},
  booktitle = {ACL},
  title     = {Improving Word Representations via Global Context and Multiple Word Prototypes},
  year      = {2012},
}

@inproceedings{reisinger:naacl10,
  author    = {Reisinger, Joseph and Mooney, Raymond J.},
  booktitle = {NAACL},
  title     = {Multi-Prototype Vector-Space Models of Word Meaning},
  year      = {2010},
}

@misc{shaoul10westbury,
  author       = {Shaoul, Cyrus and Westbury, Chris},
  howpublished = {Edmonton, AB: University of Alberta},
  title        = {The {Westbury} Lab Wikipedia Corpus},
  year         = {2010},
}


%%% Uncategorized %%%
@article{jan14,
  author       = {Jan Chorowski and Dzmitry Bahdanau and Kyunghyun Cho and Yoshua Bengio},
  journaltitle = {CoRR},
  title        = {End-to-end Continuous Speech Recognition using Attention-based Recurrent {NN:} First Results},
  volume       = {abs/1412.1602},
  year         = {2014},
}

@article{fraser07,
  author       = {Fraser, Alexander and Marcu, Daniel},
  journaltitle = {Computational Linguistics},
  number       = {3},
  pages        = {293--303},
  title        = {Measuring Word Alignment Quality for Statistical Machine Translation},
  volume       = {33},
  year         = {2007},
}



@inproceedings{freitag14,
  author    = {Freitag, Markus and Peitz, Stephan and Wuebker, Joern and Ney, Hermann and Huck, Matthias and Sennrich, Rico and Durrani, Nadir and Nadejde, Maria and Williams, Philip and Koehn, Philipp and Herrmann, Teresa and Cho, Eunah and Waibel, Alex},
  booktitle = {WMT},
  title     = {EU-BRIDGE MT: Combined Machine Translation},
  year      = {2014},
}

@inproceedings{koehn2002learning,
  author    = {Koehn, Philipp and Knight, Kevin},
  booktitle = {ACL},
  title     = {Learning a translation lexicon from monolingual corpora},
  year      = {2002},
}

@inproceedings{Axelrod:2011:DAV,
  author    = {Axelrod, Amittai and He, Xiaodong and Gao, Jianfeng},
  booktitle = {EMNLP},
  title     = {Domain Adaptation via Pseudo In-domain Data Selection},
  year      = {2011},
}



@inproceedings{dyer13fastalign,
  author    = {Dyer, Chris and Chahuneau, Victor and Smith, Noah A.},
  booktitle = {NAACL-HLT},
  title     = {A Simple, Fast, and Effective Reparameterization of IBM Model 2},
  year      = {2013},
}

@inproceedings{Daume:2011:DAM,
  author    = {Daumé,III, Hal and Jagarlamudi, Jagadeesh},
  booktitle = {ACL-HLT},
  title     = {Domain Adaptation for Machine Translation by Mining Unseen Words},
  year      = {2011},
}

@inproceedings{Ni09multi,
  author    = {Ni, Xiaochuan and Sun, Jian-Tao and Hu, Jian and Chen, Zheng},
  booktitle = {WWW},
  title     = {Mining multilingual topics from wikipedia.},
  year      = {2009},
}

@inproceedings{alexandrescu2006factoredNLM,
  author    = {Alexandrescu, Andrei and Kirchhoff, Katrin},
  booktitle = {NAACL},
  title     = {Factored Neural Language Models},
  url       = {http://www.aclweb.org/anthology/N/N06/N06-2001},
  year      = {2006},
}

@article{Creutz:2007,
  author       = {Creutz, Mathias and Lagus, Krista},
  issue        = {1},
  journaltitle = {ACM Transactions on Speech and Language Processing},
  pages        = {3:1--3:34},
  title        = {Unsupervised models for morpheme segmentation and morphology learning},
  volume       = {4},
  year         = {2007},
}

@inproceedings{koo:08,
  author    = {Koo, Terry and Carreras, Xavier and Collins, Michael},
  booktitle = {ACL},
  title     = {Simple semi-supervised dependency parsing},
  year      = {2008},
}

@inproceedings{Ratinov09,
  author    = {Ratinov, Lev and Roth, Dan},
  booktitle = {CoNLL},
  title     = {Design Challenges and Misconceptions in Named Entity Recognition},
  year      = {2009},
}

@inproceedings{Clark03,
  author    = {Clark, Alexander},
  booktitle = {EACL},
  title     = {Combining distributional and morphological information for part of speech induction},
  year      = {2003},
}

@article{plunkett91ushaped,
  author       = {Plunkett, K. and Marchman, V.},
  journaltitle = {Cognition},
  number       = {1},
  pages        = {43--102},
  priority     = {3},
  title        = {U-shaped learning and frequency effects in a multi-layered perceptron: implications for child language acquisition},
  volume       = {38},
  year         = {1991},
}

@inproceedings{GasserL90,
  author    = {Gasser, Michael and Lee, Chan-Do},
  booktitle = {NIPS},
  title     = {A Short-Term Memory Architecture for the Learning of Morphophonemic Rules},
  year      = {1990},
}

@inproceedings{Gasser94,
  author    = {Gasser, Michael},
  booktitle = {ACL},
  title     = {Acquiring Receptive Morphology: A Connectionist Model},
  year      = {1994},
}

@inproceedings{Angeliki13compositional,
  author    = {Lazaridou, Angeliki and Marelli, Marco and Zamparelli, Roberto and Baroni, Marco},
  booktitle = {ACL},
  title     = {Compositional-ly Derived Representations of Morphologically Complex Words in Distributional Semantics},
  year      = {2013},
}
